<?xml version = "1.0" encoding = "UTF-8"?><OAI-PMH xmlns="http://www.openarchives.org/OAI/2.0/" xmlns:xsi="http://www.w3.org/2001/XMLSchema-instance" xsi:schemaLocation="http://www.openarchives.org/OAI/2.0/ http://www.openarchives.org/OAI/2.0/OAI-PMH.xsd"><ListRecords><record><header><identifier>aleph-publish:019393179</identifier></header><metadata><record xmlns="http://www.ddb.de/professionell/mabxml/mabxml-1.xsd"><leader>------M2.01200024------h</leader><controlfield tag="LDR">------M2.01200024------h</controlfield><controlfield tag="FMT">MH</controlfield><datafield tag="001" ind1="-" ind2="1"><subfield code="a">HT017480009</subfield></datafield><datafield tag="002" ind1="a" ind2="1"><subfield code="a">20121206</subfield></datafield><datafield tag="003" ind1="-" ind2="1"><subfield code="a">20190111</subfield></datafield><datafield tag="025" ind1="o" ind2="1"><subfield code="a">1073589597</subfield></datafield><datafield tag="026" ind1="-" ind2="1"><subfield code="a">HBZHT017480009</subfield></datafield><controlfield tag="030">a|1uc||||||17</controlfield><datafield tag="036" ind1="a" ind2="1"><subfield code="a">DE</subfield></datafield><datafield tag="037" ind1="b" ind2="1"><subfield code="a">eng</subfield></datafield><controlfield tag="050">||||||||g|||||</controlfield><controlfield tag="051">my||||||</controlfield><datafield tag="070" ind1="-" ind2="1"><subfield code="a">38 M</subfield></datafield><datafield tag="070" ind1="b" ind2="1"><subfield code="a">38 M</subfield></datafield><datafield tag="078" ind1="i" ind2="1"><subfield code="a">iall</subfield></datafield><datafield tag="078" ind1="r" ind2="1"><subfield code="a">38 M: ellinet; GND: (DE-588)1053580-9</subfield></datafield><datafield tag="080" ind1="-" ind2="1"><subfield code="a">60</subfield></datafield><datafield tag="100" ind1="-" ind2="1"><subfield code="p">Fett, Anna Laura</subfield><subfield code="d">1985-</subfield><subfield code="9">(DE-588)1028627270</subfield></datafield><datafield tag="104" ind1="b" ind2="1"><subfield code="p">Fauser, Sascha</subfield><subfield code="d">1970-</subfield><subfield code="4">dgs</subfield><subfield code="3">Akademischer Betreuer</subfield><subfield code="9">(DE-588)120446146</subfield></datafield><datafield tag="105" ind1="-" ind2="1"><subfield code="p">Fauser, S.</subfield><subfield code="d">1970-</subfield></datafield><datafield tag="108" ind1="b" ind2="1"><subfield code="p">Plomann, Markus</subfield><subfield code="d">1957-</subfield><subfield code="4">dgs</subfield><subfield code="3">Akademischer Betreuer</subfield><subfield code="9">(DE-588)172493714</subfield></datafield><datafield tag="109" ind1="-" ind2="1"><subfield code="p">Plomann, M.</subfield><subfield code="d">1957-</subfield></datafield><datafield tag="200" ind1="b" ind2="1"><subfield code="k">Zentrum für Augenheilkunde</subfield><subfield code="h">Köln</subfield><subfield code="b">Abteilung für Netzhaut- und Glaskörperchirurgie</subfield><subfield code="4">oth</subfield><subfield code="3">Sonstige</subfield><subfield code="9">(DE-588)6042281-6</subfield></datafield><datafield tag="201" ind1="-" ind2="1"><subfield code="k">Universität Köln</subfield><subfield code="b">Zentrum für Augenheilkunde</subfield><subfield code="b">Abteilung für Netzhaut- und Glaskörperchirurgie</subfield></datafield><datafield tag="201" ind1="-" ind2="1"><subfield code="k">Universitätsklinikum Köln</subfield><subfield code="b">Zentrum für Augenheilkunde</subfield><subfield code="b">Abteilung für Netzhaut- und Glaskörperchirurgie</subfield></datafield><datafield tag="201" ind1="-" ind2="1"><subfield code="k">Klinik und Poliklinik für Netzhaut- und Glaskörperchirurgie</subfield></datafield><datafield tag="331" ind1="-" ind2="1"><subfield code="a">Immunohistochemical localization of complement regulatory proteins in the human retina</subfield></datafield><datafield tag="334" ind1="-" ind2="1"><subfield code="a">Elektronische Ressource</subfield></datafield><datafield tag="359" ind1="-" ind2="1"><subfield code="a">vorgelegt von Anna Laura Fett ; 1. Berichterstatter: Professor Dr. med. S. Fauser, 2. Berichterstatter: Privatdozent Dr. rer. nat. M. Plomann ; aus dem Zentrum für Augenheilkunde der Universität zu Köln, Klinik und Poliklinik für Netzhaut- und Glaskörperchirurgie</subfield></datafield><datafield tag="425" ind1="a" ind2="1"><subfield code="a">2012</subfield></datafield><datafield tag="433" ind1="-" ind2="1"><subfield code="a">59 S. : Ill.</subfield></datafield><datafield tag="519" ind1="-" ind2="1"><subfield code="a">Köln, Univ., Diss., 2012</subfield></datafield><datafield tag="527" ind1="z" ind2="1"><subfield code="p">Druckausg.</subfield><subfield code="a">Fett, Anna Laura: Immunohistochemical localization of complement regulatory proteins in the human retina</subfield><subfield code="9">HT017501799</subfield></datafield><datafield tag="552" ind1="a" ind2="1"><subfield code="a">10.4126/38m-004826540</subfield></datafield><datafield tag="URN" ind1="-" ind2="1"><subfield code="a">urn:nbn:de:hbz:38m-0000006293</subfield><subfield code="p">DTL2ALEPH:4826540</subfield></datafield><datafield tag="652" ind1="a" ind2="1"><subfield code="a">Archivierte Online-Ressource</subfield></datafield><datafield tag="655" ind1="e" ind2="1"><subfield code="u">http://dx.doi.org/10.4126/38m-004826540</subfield><subfield code="q">pdf</subfield><subfield code="x">Resolving-System</subfield><subfield code="z">kostenfrei</subfield><subfield code="3">Volltext</subfield></datafield><datafield tag="655" ind1="e" ind2="1"><subfield code="u">http://nbn-resolving.de/urn:nbn:de:hbz:38m-0000006293</subfield><subfield code="q">pdf</subfield><subfield code="x">Resolving-System</subfield><subfield code="z">kostenfrei</subfield><subfield code="3">Volltext</subfield></datafield><datafield tag="655" ind1="e" ind2="1"><subfield code="u">https://repository.publisso.de/resource/frl:4826540</subfield><subfield code="x">Langzeitarchivierung</subfield><subfield code="A">0</subfield></datafield><datafield tag="673" ind1="c" ind2="1"><subfield code="a">Köln</subfield><subfield code="9">(DE-588)4031483-2</subfield></datafield><datafield tag="700" ind1="b" ind2="1"><subfield code="a">610</subfield></datafield><controlfield tag="SYS">019393179</controlfield><datafield tag="LOW" ind1="-" ind2="1"><subfield code="a">KM001</subfield></datafield><datafield tag="088" ind1=" " ind2=" "><subfield code="a">38 M</subfield><subfield code="b">00000099</subfield><subfield code="c">Elektronische Publikation</subfield><subfield code="e">keine ILL</subfield></datafield></record></metadata></record></ListRecords></OAI-PMH>